<?xml version="1.0" encoding="UTF-8"?><collection xmlns="http://www.loc.gov/MARC21/slim"><record><leader>00572nam--2200193-u-4500</leader><controlfield tag="001">000053071</controlfield><controlfield tag="002">20161230</controlfield><controlfield tag="005">20161230201050</controlfield><controlfield tag="008">110104s1000------------r-----000-0-eng-d</controlfield><datafield ind1=" " ind2=" " tag="020"><subfield code="a">3527306587</subfield></datafield><datafield ind1=" " ind2=" " tag="040"><subfield code="a">IFIN-HH</subfield></datafield><datafield ind1=" " ind2=" " tag="080"><subfield code="a">577.11:57.088</subfield></datafield><datafield ind1="1" ind2=" " tag="100"><subfield code="a">Niemeyer, Christof M</subfield></datafield><datafield ind1="1" ind2="0" tag="245"><subfield code="a">Nanobiotechnology</subfield><subfield code="b">Concepts, applications and perspectives</subfield><subfield code="c">CHRISTOF M. NIEMEYER; CHAD A. MIRKIN (Eds.)</subfield></datafield><datafield ind1=" " ind2=" " tag="260"><subfield code="a">Weinheim</subfield><subfield code="b">Wiley-vch Verlag Gmbh &amp; Co. Kgaa</subfield><subfield code="c">2004</subfield></datafield><datafield ind1=" " ind2=" " tag="300"><subfield code="a">469P</subfield></datafield><datafield ind1="1" ind2=" " tag="700"><subfield code="a">Mirkin, C.A</subfield><subfield code="e">Ed</subfield></datafield><datafield ind1=" " ind2=" " tag="852"><subfield code="a">81690</subfield><subfield code="c">001.2</subfield></datafield><datafield ind1=" " ind2=" " tag="CAT"><subfield code="a">Sys</subfield><subfield code="c">20110104</subfield><subfield code="h">153109</subfield></datafield></record></collection>